@article{pahl2011,
  added-at = {2011-06-21T00:00:00.000+0200},
  author = {Casey, Máire and Pahl, Claus},
  biburl = {http://www.bibsonomy.org/bibtex/2c83c6b80eb20dddb60e47190c7553cc8/dblp},
  ee = {http://dx.doi.org/10.1016/S1571-0661(04)80741-2},
  interhash = {09f99931057e3eb8bfe984fb19afdcba},
  intrahash = {c83c6b80eb20dddb60e47190c7553cc8},
  journal = {Electr. Notes Theor. Comput. Sci.},
  keywords = {dblp},
  number = 5,
  pages = {156-163},
  timestamp = {2011-06-22T11:33:20.000+0200},
  title = {Web Components and the Semantic Web.},
  url = {http://dblp.uni-trier.de/db/journals/entcs/entcs82.html#CaseyP03},
  volume = 82,
  year = 2003
}
@online{microservices,
  author = {Lewis, James and Fowler, Martin},
  title = {Microservices},
  year = 2014,
  note = {\url{http://martinfowler.com/articles/microservices.html}},
  urldate = {2014-03-25}
}
@online{webcomponentsW3C,
  author = {Cooney, Dominic},
  title = {Introduction to Web Components},
  year = 2014,
  note = {\url{http://www.w3.org/TR/components-intro/}},
  urldate = {2014-07-24}
}
@article{SCAJ-Khalili-2013,
  author = {Ali Khalili and Sören Auer},
  title = {User Interfaces for Semantic Authoring of Textual Content: A Systematic
	Literature Review},
  journal = {Web Semantics: Science, Services and Agents on the World Wide Web
	},
  year = {2013},
  volume = {22},
  pages = {1 - 18},
  number = {0},
  doi = {http://dx.doi.org/10.1016/j.websem.2013.08.004},
  issn = {1570-8268},
  keywords = {Semantic Web},
  url = {http://www.sciencedirect.com/science/article/pii/S1570826813000498}
}
@article{ontowiki-swj,
  added-at = {2015-09-15T16:02:27.000+0200},
  author = {Frischmuth, Philipp and Martin, Michael and Tramp, Sebastian and Riechert, Thomas and Auer, S{\"o}ren},
  biburl = {http://www.bibsonomy.org/bibtex/2f3938116498c346b61ce9935ea970617/aksw},
  interhash = {eb60953ed7b69e35e5ae5abfec86fdf0},
  intrahash = {f3938116498c346b61ce9935ea970617},
  journal = {Semantic Web Journal},
  keywords = {2014 ES auer event_www frischmuth group_aksw lod2page martin riechert topic_Authoring, topic_Exploration topic_Visualization, tramp},
  owner = {Michael},
  timestamp = {2015-09-15T16:02:27.000+0200},
  title = {{OntoWiki---An Authoring, Publication and Visualization Interface for the Data Web}},
  year = 2014
}